<?xml version="1.0" encoding="UTF-8"?><record xmlns="http://www.loc.gov/MARC21/slim" xmlns:cinclude="http://apache.org/cocoon/include/1.0" xmlns:zs="http://www.loc.gov/zing/srw/">
  <leader>00430nz  a2200133n  4500</leader>
  <controlfield tag="001">no2008098956</controlfield>
  <controlfield tag="003">DLC</controlfield>
  <controlfield tag="005">20080710081340.0</controlfield>
  <controlfield tag="008">080708n| acannaabn          |n aaa     c</controlfield>
  <datafield tag="010" ind1=" " ind2=" ">
    <subfield code="a">no2008098956</subfield>
  </datafield>
  <datafield tag="035" ind1=" " ind2=" ">
    <subfield code="a">(OCoLC)oca07814168</subfield>
  </datafield>
  <datafield tag="040" ind1=" " ind2=" ">
    <subfield code="a">StEdNL</subfield>
    <subfield code="b">eng</subfield>
    <subfield code="c">StEdNL</subfield>
  </datafield>
  <datafield tag="100" ind1="1" ind2=" ">
    <subfield code="a">Dozier, Marshall</subfield>
  </datafield>
  <datafield tag="670" ind1=" " ind2=" ">
    <subfield code="a">Systematic searching for evidence in medical education, c2003:</subfield>
    <subfield code="b">t.p. (Marshall Dozier, Univ. of Edinburgh, Erskine Medical Library)</subfield>
  </datafield>
</record>